@book{LM,
author="Liret, F. and Martinais, D.",
title="{Cours de math\'ematiques. Analyse 2\`eme ann\'ee. Cours et exercices avec solutions.}",
language="French",
publisher="{Collection: Sciences Sup, Dunod}",
year="2004 - 2ème édition",
}

@book{exo7,
author="Bodin, A. and others",
title="{exo7 - Cours de mathématiques Première année}",
publisher="{\url{http://exo7.emath.fr/cours/cours-exo7.pdf}}",
year="",
}

@book{tt1,
title="{Mathématiques Tout-en-un pour la Licence 1. Cours complet, exemples et exercices corrigés Tome 1}",
author="Ramis , J.P. and Warusfel, A. and Buff, X. and  Garnier, J. and Halberstadt,E. and Lachand-Robert,T. and others",
publisher="{Collection: Sciences Sup, Dunod}",
year="2013 - 2ème édition",
}

